<record><leader>00000cas a2200000 a 4500</leader><controlfield tag="001">9292694</controlfield><controlfield tag="008">830309d19821991caudn ne      0   a0eng c</controlfield><datafield ind1=" " ind2=" " tag="010"><subfield code="a">sn 83002085 </subfield></datafield><datafield ind1=" " ind2=" " tag="040"><subfield code="a">NSD</subfield><subfield code="b">eng</subfield><subfield code="c">NSD</subfield><subfield code="d">CNK</subfield><subfield code="d">OCLCQ</subfield><subfield code="d">CNK</subfield><subfield code="d">OCLCQ</subfield><subfield code="d">OCLCF</subfield><subfield code="d">OCLCO</subfield></datafield><datafield ind1=" " ind2=" " tag="012"><subfield code="j">0</subfield><subfield code="m">1</subfield></datafield><datafield ind1="1" ind2=" " tag="022"><subfield code="a">8755-9595</subfield><subfield code="l">8755-9595</subfield><subfield code="y">0745-5755</subfield><subfield code="2">1</subfield></datafield><datafield ind1="1" ind2=" " tag="029"><subfield code="a">AU@</subfield><subfield code="b">000020395245</subfield></datafield><datafield ind1=" " ind2=" " tag="032"><subfield code="a">480020</subfield><subfield code="b">USPS</subfield></datafield><datafield ind1=" " ind2=" " tag="037"><subfield code="b">San Gabriel Valley Tribune, Inc., 1210 Azusa Canyon Rd., West Covina, CA 91722</subfield></datafield><datafield ind1=" " ind2=" " tag="042"><subfield code="a">nsdp</subfield><subfield code="a">pcc</subfield></datafield><datafield ind1=" " ind2="0" tag="222"><subfield code="a">San Gabriel Valley daily tribune</subfield></datafield><datafield ind1="0" ind2="0" tag="245"><subfield code="a">San Gabriel Valley daily tribune.</subfield></datafield><datafield ind1="3" ind2=" " tag="246"><subfield code="a">San Gabriel Valley Sunday tribune, the daily news</subfield></datafield><datafield ind1="3" ind2=" " tag="246"><subfield code="a">Sunday tribune news</subfield></datafield><datafield ind1="3" ind2=" " tag="246"><subfield code="a">Tribune news</subfield></datafield><datafield ind1="3" ind2=" " tag="246"><subfield code="a">Tribune/news</subfield></datafield><datafield ind1="1" ind2="7" tag="246"><subfield code="a">San Gabriel Valley tribune</subfield></datafield><datafield ind1=" " ind2=" " tag="260"><subfield code="a">West Covina, Calif. :</subfield><subfield code="b">San Gabriel Valley Tribune,</subfield></datafield><datafield ind1=" " ind2=" " tag="310"><subfield code="a">Daily (except Sunday)</subfield></datafield><datafield ind1="0" ind2=" " tag="362"><subfield code="a">Vol. 28, no. 96 (Apr. 6, 1982)-v. 37, no. 31 (Feb. 6, 1991).</subfield></datafield><datafield ind1=" " ind2=" " tag="500"><subfield code="a">"San Gabriel Valley Sunday" appears in small letters above "Tribune," and "the Daily" appears in small letters above "News" on Sunday issues, Nov. 7, 1982-Feb. 27, 1983. "Sunday" appears above masthead title on Sunday issues, Mar. 6, 1983-July 8, 1984.</subfield></datafield><datafield ind1=" " ind2=" " tag="500"><subfield code="a">Sunday issues sometimes published as: Tribune news, or: Tribune/news, Nov. 7, 1982-Feb. 6, 1991.</subfield></datafield><datafield ind1=" " ind2=" " tag="500"><subfield code="a">Special "Covina Centennial edition" published Apr. 8, 1986.</subfield></datafield><datafield ind1=" " ind2=" " tag="530"><subfield code="a">Master negatives are available for duplication from:</subfield><subfield code="b">California Newspaper Microfilm Archive;</subfield><subfield code="c">positive copies may be purchased by the reel; for further information consult the CNMA at:</subfield><subfield code="u">http://cbsr.ucr.edu</subfield></datafield><datafield ind1=" " ind2="0" tag="651"><subfield code="a">San Gabriel River Valley (Calif.)</subfield><subfield code="v">Newspapers.</subfield></datafield><datafield ind1=" " ind2="7" tag="655"><subfield code="a">Newspapers.</subfield><subfield code="2">fast</subfield><subfield code="0">(OCoLC)fst01423814</subfield></datafield><datafield ind1=" " ind2="7" tag="651"><subfield code="a">California</subfield><subfield code="z">San Gabriel River Valley.</subfield><subfield code="2">fast</subfield><subfield code="0">(OCoLC)fst01275269</subfield></datafield><datafield ind1=" " ind2=" " tag="752"><subfield code="a">United States</subfield><subfield code="b">California</subfield><subfield code="c">Los Angeles</subfield><subfield code="d">West Covina.</subfield></datafield><datafield ind1="0" ind2=" " tag="775"><subfield code="t">Daily news (Whittier, Calif.)</subfield><subfield code="w">(DLC)sn 83003717</subfield></datafield><datafield ind1="0" ind2="0" tag="780"><subfield code="t">Tribune (West Covina, Calif.)</subfield><subfield code="w">(DLC)sn 96062857</subfield></datafield><datafield ind1="0" ind2="0" tag="785"><subfield code="t">San Gabriel Valley tribune (West Covina, Calif.)</subfield><subfield code="w">(DLC)sn 97060484</subfield></datafield><datafield ind1=" " ind2=" " tag="936"><subfield code="a">Nov. 7, 1984</subfield></datafield></record>